@article{anderson2002economics,
  title={The economics of roscas and intrahousehold resource allocation},
  author={Anderson, Siwan and Baland, Jean-Marie},
  journal={The Quarterly Journal of Economics},
  volume={117},
  number={3},
  pages={963--995},
  year={2002},
  publisher={MIT Press}
}
@article{ashraf2009spousal,
  title={Spousal control and intra-household decision making: An experimental study in the Philippines},
  author={Ashraf, Nava},
  journal={American Economic Review},
  volume={99},
  number={4},
  pages={1245--77},
  year={2009}
}
@article{d2018enlarging,
  title={Enlarging the collective model of household behavior: A revealed preference analysis},
  author={d’Aspremont, Claude and Ferreira, Rodolphe Dos Santos},
  journal={Economic Theory},
  pages={1--19},
  year={2018},
  publisher={Springer}
}
@article{baland2017intra,
  title={Intra-household bargaining in poor countries},
  author={Baland, Jean-Marie and Ziparo, Roberta},
  journal={Towards Gender Equity in Development},
  pages={69},
  year={2017}
}
@article{bloch2002terror,
  title={Terror as a bargaining instrument: A case study of dowry violence in rural India},
  author={Bloch, Francis and Rao, Vijayendra},
  journal={American Economic Review},
  volume={92},
  number={4},
  pages={1029--1043},
  year={2002}
}
@article{bourguignon2009efficient,
  title={Efficient intra-household allocations and distribution factors: Implications and identification},
  author={Bourguignon, Fran{\c{c}}ois and Browning, Martin and Chiappori, Pierre-Andr{\'e}},
  journal={The Review of Economic Studies},
  volume={76},
  number={2},
  pages={503--528},
  year={2009},
  publisher={Wiley-Blackwell}
}
@article{browning1998efficient,
  title={Efficient intra-household allocations: A general characterization and empirical tests},
  author={Browning, Martin and Chiappori, Pierre-Andre},
  journal={Econometrica},
  pages={1241--1278},
  year={1998},
  publisher={JSTOR}
}
@article{browning2009consumption,
  title={Consumption and children},
  author={Browning, Martin and Ejrn{\ae}s, Mette},
  journal={The Review of Economics and Statistics},
  volume={91},
  number={1},
  pages={93--111},
  year={2009},
  publisher={MIT Press}
}
@article{costemalle2017donnees,
  title={Les donn{\'e}es fiscales de l'EDP: une nouvelle source d'informations sur les couples et les familles?},
  author={Costemalle, Vianney},
  year={2017},
  publisher={Insee}
}

@article{cherchye2007collective,
  title={The collective model of household consumption: a nonparametric characterization},
  author={Cherchye, Laurens and De Rock, Bram and Vermeulen, Frederic},
  journal={Econometrica},
  volume={75},
  number={2},
  pages={553--574},
  year={2007},
  publisher={Wiley Online Library}
}

@article{cherchye2009opening,
  title={Opening the black box of intrahousehold decision making: Theory and nonparametric empirical tests of general collective consumption models},
  author={Cherchye, Laurens and De Rock, Bram and Vermeulen, Frederic},
  journal={Journal of Political Economy},
  volume={117},
  number={6},
  pages={1074--1104},
  year={2009},
  publisher={The University of Chicago Press}
}
@article{cherchye2015noncooperative,
  title={Noncooperative household consumption with caring, KU Leuven},
  author={Cherchye, L and Cosaertz, S and Demuynck, T and De Rock, B},
  journal={Center for Economic Studies DPS15},
  volume={29},
  year={2015}
}

@article{chetty2009salience,
  title={Salience and taxation: Theory and evidence},
  author={Chetty, Raj and Looney, Adam and Kroft, Kory},
  journal={American economic review},
  volume={99},
  number={4},
  pages={1145--77},
  year={2009}
}

@article{chiappori1988rational,
  title={Rational household labor supply},
  author={Chiappori, Pierre-Andr{\'e} and others},
  journal={Econometrica},
  volume={56},
  number={1},
  pages={63--90},
  year={1988}
}
@article{chiappori2017static,
  title={Static and intertemporal household decisions},
  author={Chiappori, Pierre-Andre and Mazzocco, Maurizio},
  journal={Journal of Economic Literature},
  volume={55},
  number={3},
  pages={985--1045},
  year={2017}
}
@article{dauphin2011children,
  title={Are children decision-makers within the household?},
  author={Dauphin, Anyck and El Lahga, Abdel-Rahmen and Fortin, Bernard and Lacroix, Guy},
  journal={The Economic Journal},
  volume={121},
  number={553},
  pages={871--903},
  year={2011},
  publisher={Oxford University Press Oxford, UK}
}

@article{dauphin2018consumption,
  title={Is consumption efficiency within households falsifiable?},
  author={Dauphin, Anyck and Fortin, Bernard and Lacroix, Guy},
  journal={Review of Economics of the Household},
  volume={16},
  number={3},
  pages={737--766},
  year={2018},
  publisher={Springer}
}
@incollection{donni2011nonunitary,
  title={Nonunitary models of household behavior: a survey of the literature},
  author={Donni, Olivier and Chiappori, Pierre-Andr{\'e}},
  booktitle={Household economic behaviors},
  pages={1--40},
  year={2011},
  publisher={Springer}
}

@article{de2011individual,
  title={Individual and couple decision behavior under risk: evidence on the dynamics of power balance},
  author={De Palma, Andre and Picard, Nathalie and Ziegelmeyer, Anthony},
  journal={Theory and decision},
  volume={70},
  number={1},
  pages={45--64},
  year={2011},
  publisher={Springer}
}

@article{dercon2000sickness,
  title={In sickness and in health: Risk sharing within households in rural Ethiopia},
  author={Dercon, Stefan and Krishnan, Pramila},
  journal={Journal of political Economy},
  volume={108},
  number={4},
  pages={688--727},
  year={2000},
  publisher={The University of Chicago Press}
}
@article{apedo2017,
  title={Gender, information and the efficiency of households’ productive decisions: An experiment in rural Togo},
  author={Apedo-Amah, Marie-Christine and Djebbari, Habiba and Ziparo},
  journal={mimeo},
  year={2017},
}
@techreport{duflo2004intrahousehold,
  title={Intrahousehold resource allocation in Cote d'Ivoire: Social norms, separate accounts and consumption choices},
  author={Duflo, Esther and Udry, Christopher},
  year={2004},
  institution={National Bureau of Economic Research}
}

@article{landais2004quotient,
  title={Le quotient familial a-t-il stimul{\'e} la natalit{\'e} fran{\c{c}}aise?},
  author={Landais, Camille},
  journal={{\'E}conomie publique/Public economics},
  number={13},
  year={2004},
  publisher={Institut d'{\'e}conomie publique (IDEP)}
}

@article{lundberg1997husbands,
  title={Do Husbands and Wives Pool Their Resources? Evidence from the United Kingdom Child Benefit.},
  author={Lundberg, Shelly J and Pollak, Robert A and Wales, Terence J},
  journal={Journal of Human resources},
  volume={32},
  number={3},
  year={1997}
}

@article{lundberg2003efficiency,
  title={Efficiency in marriage},
  author={Lundberg, Shelly and Pollak, Robert A},
  journal={Review of Economics of the Household},
  volume={1},
  number={3},
  pages={153--167},
  year={2003},
  publisher={Springer}
}

@article{mazzocco2007household,
  title={Household intertemporal behaviour: A collective characterization and a test of commitment},
  author={Mazzocco, Maurizio},
  journal={The Review of Economic Studies},
  volume={74},
  number={3},
  pages={857--895},
  year={2007},
  publisher={Wiley-Blackwell}
}

@article{mccaffery2004framing,
  title={Framing and taxation: Evaluation of tax policies involving household composition},
  author={McCaffery, Edward J and Baron, Jonathan},
  journal={Journal of Economic Psychology},
  volume={25},
  number={6},
  pages={679--705},
  year={2004},
  publisher={Elsevier}
}

@inproceedings{mccaffery2003heuristics,
  title={Heuristics and biases in thinking about tax},
  author={McCaffery, Edward J and Baron, Jonathan and Baron, Jonathn},
  booktitle={Proceedings. Annual Conference on Taxation and Minutes of the Annual Meeting of the National Tax Association},
  volume={96},
  pages={434--443},
  year={2003},
  organization={JSTOR}
}
@article{munro2018intra,
  title={Intra-Household Experiments: A Survey},
  author={Munro, Alistair},
  journal={Journal of Economic Surveys},
  volume={32},
  number={1},
  pages={134--175},
  year={2018},
  publisher={Wiley Online Library}
}
@article{naidoo2015power,
  title={The power of tests for pareto efficiency within the family},
  author={Naidoo, Jesse},
  journal={Unpublished Manuscript, University of Chicago},
  year={2015}
}
@article{robinson2012limited,
  title={Limited insurance within the household: Evidence from a field experiment in Kenya},
  author={Robinson, Jonathan},
  journal={American Economic Journal: Applied Economics},
  volume={4},
  number={4},
  pages={140--64},
  year={2012}
}
@article{stowhase2011non,
  title={Non-minimization of source taxes on labor income: empirical evidence from Germany},
  author={St{\"o}whase, Sven},
  journal={Review of Economics of the Household},
  volume={9},
  number={2},
  pages={293--306},
  year={2011},
  publisher={Springer}
}
@article{thaler1999mental,
  title={Mental accounting matters},
  author={Thaler, Richard H},
  journal={Journal of Behavioral decision making},
  volume={12},
  number={3},
  pages={183--206},
  year={1999},
  publisher={Wiley Online Library}
}
@article{udry1996gender,
  title={Gender, agricultural production, and the theory of the household},
  author={Udry, Christopher},
  journal={Journal of political Economy},
  volume={104},
  number={5},
  pages={1010--1046},
  year={1996},
  publisher={The University of Chicago Press}
}
@article{vermeulen2002collective,
  title={Collective household models: principles and main results},
  author={Vermeulen, Frederic},
  journal={Journal of Economic Surveys},
  volume={16},
  number={4},
  pages={533--564},
  year={2002},
  publisher={Wiley Online Library}
}
@article{young1987progressive,
  title={Progressive taxation and the equal sacrifice principle},
  author={Young, H Peyton},
  journal={Journal of Public Economics},
  volume={32},
  number={2},
  pages={203--214},
  year={1987},
  publisher={Elsevier}
}
@article{ziparo2014spouses,
  title={Why do spouses communicate? Love or interest? A model and some evidence from Cameroon},
  author={Ziparo, Roberta},
  journal={PSE Job Market Paper},
  volume={9},
  year={2014}
}
