@article{anne2012rsa,
  title={The RSA (Revenu de solidarit{\'e} active) and back-to-work incentives in France},
  author={Anne, Denis and L'Horty, Yannick},
  journal={International Social Security Review},
  volume={65},
  number={3},
  pages={77--100},
  year={2012},
  publisher={Wiley Online Library}
}

@book{atkinsonlectures,
  title={Lectures on Public Economics, Chapter three : Taxation, savings and decisions over time, p. 62-96},
  author={Atkinson, Anthony B and Stiglitz, Joseph E},
  Year = {1994},
  publisher={Princeton University Press},
}

@article{batchelder2003taxing,
  title={Taxing the Poor: Income Averaging Reconsidered},
  author={Batchelder, Lily L},
  journal={Harv. J. on Legis.},
  volume={40},
  pages={395},
  year={2003},
  publisher={HeinOnline}
}
@article{diamond1998optimal,
  title={Optimal income taxation: an example with a U-shaped pattern of optimal marginal tax rates},
  author={Diamond, Peter A},
  journal={American Economic Review},
  pages={83--95},
  year={1998},
  publisher={JSTOR}
}
@article{diamond2011case,
  title={The case for a progressive tax: from basic research to policy recommendations},
  author={Diamond, Peter and Saez, Emmanuel},
  journal={Journal of Economic Perspectives},
  volume={25},
  number={4},
  pages={165--90},
  year={2011}
}



@Article{sabirianova_reform_of_pit,
  author={Peter, Klara Sabirianova and Buttrick, Steve and Duncan, Denvil},
  title={{Global Reform Of Personal Income Taxation, 1981-2005: Evidence From 189 Countries}},
  journal={National Tax Journal},
  year=2010,
  volume={63},
  number={3},
  pages={447-78},
  month={September},
  keywords={},
  doi={},
  abstract={We use a panel of 189 countries to describe trends in national personal income tax systems between the years 1981 and 2005. Using complete national income tax schedules, we show that tax rates at higher income levels, structural progressivity and the complexity of national tax systems have declined significantly; however, the degree of these changes varies considerably across countries. We also find that the relationship between tax rates and revenue is positive for high income countries but declines with weaker institutions and lower levels of economic development.},
  url={https://ideas.repec.org/a/ntj/journl/v63y2010i3p447-78.html}
}

@article{boadway2015optimal,
  title={Optimal Income Taxation with Risky Earnings: A Synthesis},
  author={Boadway, Robin and Sato, Motohiro},
  journal={Journal of Public Economic Theory},
  volume={17},
  number={6},
  pages={773--801},
  year={2015},
  publisher={Wiley Online Library}
}
@article{buchanan2006case,
  title={The Case Against Income Averaging},
  author={Buchanan, Neil H},
  journal={Virginia Tax Review},
  volume={25},
  year={2006}
}


@article{breuil2001variations,
  title={Les variations des revenus individuels entre p{\'e}riodes de ch{\^o}mage et d'emploi},
  author={Breuil-Genier, Pascale},
  journal={Economie et statistique},
  volume={348},
  number={1},
  pages={61--79},
  year={2001},
  publisher={Institut national de la statistique et des {\'e}tudes {\'e}conomiques}
}

@article{brewer2010means,
  title={Means-testing and tax rates on earnings},
  author={Brewer, Mike and Saez, Emmanuel and Shephard, Andrew},
  journal={Dimensions of Tax Design: the mirrlees review},
  pages={90--173},
  year={2010},
  publisher={Oxford, UK: Oxford University Press}
}

@article{bianchi2001iceland,
  title={Iceland's natural experiment in supply-side economics},
  author={Bianchi, Marco and Gudmundsson, Bj{\"o}rn R and Zoega, Gylfi},
  journal={American Economic Review},
  pages={1564--1579},
  year={2001},
  publisher={JSTOR}
}
@article{csa-pais-1950-13308,
author = "Holt, C C",
title = "Averaging of income for tax purposes: equity and fiscal-policy considerations",
year = "1949",
journal = "National Tax Journal",
volume = "2",
pages = "349-361",
}


@article{dynan2004rich,
  title={Do the Rich Save More?},
  author={Dynan, Karen E and Skinner, Jonathan and Zeldes, Stephen P},
  journal={Journal of Political Economy},
  volume={112},
  number={2},
  year={2004}
}

@book{dynan2007evolution,
  title={The evolution of household income volatility},
  author={Dynan, Karen E and Elmendorf, Douglas W and Sichel, Daniel E and others},
  year={2007},
  publisher={Division of Research \& Statistics and Monetary Affairs, Federal Reserve Board}
}
@techreport{eissa2008redistribution,
  title={Redistribution and tax expenditures: The earned income tax credit},
  author={Eissa, Nada and Hoynes, Hilary},
  year={2008},
  institution={National Bureau of Economic Research}
}
@article{epley2006bonus,
  title={Bonus of rebate?: The impact of income framing on spending and saving},
  author={Epley, Nicholas and Mak, Dennis and Idson, Lorraine Chen},
  journal={Journal of Behavioral Decision Making},
  volume={19},
  number={3},
  pages={213--227},
  year={2006},
  publisher={Wiley Online Library}
}
@article{fennell2005taxation,
  title={Taxation over Time},
  author={Fennell, Lee Anne and Stark, Kirk J},
  journal={Tax L. Rev.},
  volume={59},
  pages={1},
  year={2005},
  publisher={HeinOnline}
}
@article{gul2001temptation,
  title={Temptation and self-control},
  author={Gul, Faruk and Pesendorfer, Wolfgang},
  journal={Econometrica},
  volume={69},
  number={6},
  pages={1403--1435},
  year={2001},
  publisher={Wiley Online Library}
}
@article{hagenaars1994poverty,
  title={Poverty statistics in the late 1980s: Research based on micro-data},
  author={Hagenaars, Aldi JM and De Vos, Klaas and Asghar Zaidi, M and others},
  year={1994},
  publisher={Luxembourg (Luxembourg) Office for Official Publications of the European Communities}
}
@article{hastings2010first,
  title={The first of the month effect: consumer behavior and store responses},
  author={Hastings, Justine and Washington, Ebonya},
  journal={American Economic Journal: Economic Policy},
  volume={2},
  number={2},
  pages={142--162},
  year={2010},
  publisher={American Economic Association}
}
@article{henriet2014flat,
  title={Is the Flat Tax Optimal under Income Risk?},
  author={Henriet, Dominique and Pintus, Patrick A and Trannoy, Alain},
  year={2014}
}
@TechReport{Hills2006,
  author={John Hills and Abigail McKnight and Rachel Smithies},
  title={{Tracking income: how working families' incomes vary through the year}},
  year=2006,
  month=Mar,
  institution={London School of Economics and Political Science, LSE Library},
  type={LSE Research Online Documents on Economics},
  url={https://ideas.repec.org/p/ehl/lserod/5569.html},
  number={5569},
  abstract={No abstract is available for this item.},
  keywords={},
  doi={},
}
@techreport{jenkins2000current,
  title={Do current income and annual income measures provide different pictures of Britain's income distribution?},
  author={Jenkins, Stephen P and others},
  year={2000},
  institution={Institute for Social and Economic Research}
}
@article{karamata1932inegalite,
  title={Sur une in{\'e}galit{\'e} relative aux fonctions convexes},
  author={Karamata, Jovan},
  journal={Publications de l'Institut mathematique},
  volume={1},
  number={1},
  pages={145--147},
  year={1932},
  publisher={Matemati{\v{c}}ki institut SANU}
}
@article{kemptner2016lifetime,
  title={Lifetime income inequality with taxation and public benefits},
  author={Kemptner, Daniel and Haan, Peter and Prowse, Victoria},
  year={2016},
  publisher={Kiel und Hamburg: ZBW-Deutsche Zentralbibliothek fur Wirtschaftswissenschaften, Leibniz-Informationszentrum Wirtschaft}
}
@article{khan2008temporality,
  title={Temporality of law},
  author={Khan, Ali},
  journal={McGeorge Law Review},
  volume={40},
  year={2008}
}
@book{kolm2004macrojustice,
  title={Macrojustice: The political economy of fairness},
  author={Kolm, Serge-Christophe},
  year={2004},
  publisher={Cambridge University Press},
}
@article{long1982income,
  title={The income tax and self-employment},
  author={Long, James E},
  journal={National tax journal},
  pages={31--42},
  year={1982},
  publisher={JSTOR}
}
@article{ravallion1988expected,
  title={Expected poverty under risk-induced welfare variability},
  author={Ravallion, Martin},
  journal={The economic journal},
  volume={98},
  number={393},
  pages={1171--1182},
  year={1988},
  publisher={JSTOR}
}
@techreport{shapiro1993consumer,
  title={Consumer response to the timing of income: Evidence from a change in tax withholding},
  author={Shapiro, Matthew D and Slemrod, Joel},
  year={1993},
  institution={National Bureau of Economic Research}
}
@article{shapiro2003consumer,
  title={Consumer response to tax rebates},
  author={Shapiro, Matthew D and Slemrod, Joel},
  journal={The American Economic Review},
  volume={93},
  number={1},
  pages={381--396},
  year={2003},
  publisher={JSTOR}
}

@techreport{shapiro2009did,
  title={Did the 2008 tax rebates stimulate spending?},
  author={Shapiro, Matthew D and Slemrod, Joel B},
  year={2009},
  institution={National Bureau of Economic Research}
}
@article{sugin2014payroll,
  title={Payroll Taxes, Mythology, and Fairness},
  author={Sugin, Linda},
  journal={Harvard Journal on Legislation},
  volume={51},
  number={1},
  year={2014},
}
@article{sichel2007evolution,
  title={The Evolution of Household Income Volatility},
  author={Sichel, Daniel E and Dynan, Karen E and Elmendorf, Douglas W},
  year={2007},
  publisher={FEDS Working Paper}
}
@techreport{Income_averaging_artist,
  title={Bill C-427: Income Averaging for Artists},
  author={Office of the parliamentary Budget Officer},
  year={2012},
}
@misc{kimball1988precautionary,
  title={Precautionary saving and the timing of taxes},
  author={Kimball, Miles S and Mankiw, N Gregory},
  year={1988},
  publisher={National Bureau of Economic Research Cambridge, Mass., USA}
}



@unpublished{liebman2002should,
  title={Should taxes be based on lifetime income? Vickrey taxation revisited},
  author={Liebman, Jeffrey B},
  booktitle={Harvard University Working Paper},
  year={2002},
}
@article{mankiw2009optimal,
  title={Optimal taxation in theory and practice},
  author={Mankiw, N Gregory and Weinzierl, Matthew and Yagan, Danny},
  journal={Journal of Economic Perspectives},
  volume={23},
  number={4},
  pages={147--74},
  year={2009}
}

@inproceedings{rostam2014progressive,
  title={Progressive Taxation and Precautionary Savings over the Life Cycle},
  author={Rostam-Afschar, Davud and Yao, Jiaxiong},
  booktitle={13th journ{\'e}es Louis-Andr{\'e} G{\'e}rard-Varet},
  year={2014}
}


@article{thaler2003libertarian,
  title={Libertarian paternalism},
  author={Thaler, Richard H and Sunstein, Cass R},
  journal={The American Economic Review},
  volume={93},
  number={2},
  pages={175--179},
  year={2003},
  publisher={JSTOR}
}

@book{thaler2008nudge,
  title={Nudge: Improving Decisions about Health, Wealth, and Happiness},
  author={Thaler, R.H. and Sunstein, C.R.},
  isbn={9780300122237},
  lccn={2009417516},
  series={A Caravan book},
  url={https://books.google.fr/books?id=cYdYngEACAAJ},
  year={2008},
  publisher={Yale University Press}
}


@article{tjalling1964utilitytime,
 ISSN = {00129682, 14680262},
 URL = {http://www.jstor.org/stable/1913736},
 author = {Tjalling C. Koopmans, Peter A. Diamond, Richard E. Williamson},
 journal = {Econometrica},
 number = {1/2},
 pages = {82-100},
 publisher = {[Wiley, Econometric Society]},
 title = {Stationary Utility and Time Perspective},
 volume = {32},
 year = {1964}
}


@article{varian1980redistributive,
  title={Redistributive taxation as social insurance},
  author={Varian, Hal R},
  journal={Journal of public Economics},
  volume={14},
  number={1},
  pages={49--68},
  year={1980},
  publisher={Elsevier}
}

@article{vickrey1939averaging,
  title={Averaging of income for income-tax purposes},
  author={Vickrey, William},
  journal={The Journal of Political Economy},
  pages={379--397},
  year={1939},
  publisher={JSTOR}
}


@book{vickrey1947agenda,
  title={Agenda for progressive taxation},
  author={Vickrey, William Spencer},
  year={1947},
  publisher={The Ronald Press Company}
}

@article{weymark1985meneymetric,
 ISSN = {00206598, 14682354},
 URL = {http://www.jstor.org/stable/2526537},
 author = {John A. Weymark},
 journal = {International Economic Review},
 number = {1},
 pages = {219-232},
 publisher = {[Economics Department of the University of Pennsylvania, Wiley, Institute of Social and Economic Research, Osaka University]},
 title = {Money-Metric Utility Functions},
 volume = {26},
 year = {1985}
}


@book{young1989wave,
  title={Wave seam effects in the SIPP},
  author={Young, Nathan},
  year={1989},
  publisher={US Department of Commerce, Bureau of the Census}
}

@article{young1990progressive,
  title={Progressive taxation and equal sacrifice},
  author={Young, H Peyton},
  journal={The American Economic Review},
  volume={80},
  number={1},
  pages={253--266},
  year={1990},
  publisher={JSTOR}
}
@article{zelenak2008tax,
  title={Tax policy and personal identity over time},
  author={Zelenak, Lawrence},
  journal={Tax L. Rev.},
  volume={62},
  pages={333},
  year={2008},
  publisher={HeinOnline}
}