@article{kopczuk2005tax,
  title={Tax bases, tax rates and the elasticity of reported income},
  author={Kopczuk, Wojciech},
  journal={Journal of Public Economics},
  volume={89},
  number={11-12},
  pages={2093--2119},
  year={2005},
  publisher={Elsevier}
}

@article{piketty1999hauts,
  title={Les hauts revenus face aux modifications des taux marginaux sup{\'e}rieurs de l'impot sur le revenu en France, 1970-1996},
  author={Piketty, Thomas},
  journal={{\'E}conomie \& pr{\'e}vision},
  volume={138},
  number={2},
  pages={25--60},
  year={1999},
  publisher={Minist{\`e}re de l'{\'E}conomie}
}