@article{alpert2013estimating,
  title={Estimating Intensive and Extensive Tax Responsiveness: Do Older Workers Respond to Income Taxes?},
  author={Alpert, Abby and Powell, David},
  year={2013}
}
@article{auten1999effect,
  title={The effect of income taxes on household income},
  author={Auten, Gerald and Carroll, Robert},
  journal={Review of economics and statistics},
  volume={81},
  number={4},
  pages={681--693},
  year={1999},
  publisher={MIT Press}
}

@article{bargain2013steady,
  title={Steady-state labor supply elasticities: A survey},
  author={Bargain, Olivier and Peichl, Andreas},
  journal={ZEW-Centre for European Economic Research Discussion Paper},
  number={13-084},
  year={2013}
}
@article{bargain2014comparing,
  title={Comparing labor supply elasticities in europe and the united states new results},
  author={Bargain, Olivier and Orsini, Kristian and Peichl, Andreas},
  journal={Journal of Human Resources},
  volume={49},
  number={3},
  pages={723--838},
  year={2014},
  publisher={University of Wisconsin Press}
}
@article{beaman2009powerful,
  title={Powerful women: does exposure reduce bias?},
  author={Beaman, Lori and Chattopadhyay, Raghabendra and Duflo, Esther and Pande, Rohini and Topalova, Petia},
  journal={The Quarterly journal of economics},
  volume={124},
  number={4},
  pages={1497--1540},
  year={2009},
  publisher={MIT Press}
}
@article{bertrand2015gender,
  title={Gender identity and relative income within households},
  author={Bertrand, Marianne and Kamenica, Emir and Pan, Jessica},
  journal={The Quarterly Journal of Economics},
  volume={130},
  number={2},
  pages={571--614},
  year={2015},
  publisher={MIT Press}
}
@article{blau2007changes,
  title={Changes in the labor supply behavior of married women: 1980--2000},
  author={Blau, Francine D and Kahn, Lawrence M},
  journal={Journal of Labor Economics},
  volume={25},
  number={3},
  pages={393--438},
  year={2007},
  publisher={The University of Chicago Press}
}
@incollection{blundell1999labor,
  title={Labor supply: A review of alternative approaches},
  author={Blundell, Richard and MaCurdy, Thomas},
  booktitle={Handbook of labor economics},
  volume={3},
  pages={1559--1695},
  year={1999},
  publisher={Elsevier}
}
@article{bozio2014reduire,
  title={R{\'e}duire les in{\'e}galit{\'e}s de salaires entre femmes et hommes},
  author={Bozio, Antoine and Dormont, Brigitte and Garc{\'\i}a-Pe{\~n}alosa, Cecilia},
  journal={Notes du conseil d’analyse {\'e}conomique},
  number={7},
  pages={1--12},
  year={2014},
  publisher={Conseil d’analyse {\'e}conomique}
}
@article{browning1992children,
  title={Children and household economic behavior},
  author={Browning, Martin},
  journal={Journal of Economic Literature},
  volume={30},
  number={3},
  pages={1434--1475},
  year={1992},
  publisher={JSTOR}
}
@article{carbonnier2016prise,
  title={Prise en compte de la famille dans l’imposition des revenus en France},
  author={Carbonnier, Cl{\'e}ment},
  journal={Revue fran{\c{c}}aise d'{\'e}conomie},
  volume={31},
  number={1},
  pages={111--152},
  year={2016},
  publisher={Revue fran{\c{c}}aise d’{\'e}conomie}
}
@techreport{carbonnier2014influence,
  title={The Influence of Taxes on Employment of Married Women, Evidence from the French Joint Income Tax System},
  author={Carbonnier, C},
  year={2014},
  institution={LIEPP working paper}
}
@article{carbonnier2014savers,
  title={Do savers respond to tax incentives? The case of retirement savings},
  author={Carbonnier, Cl{\'e}ment and Direr, Alexis and Houti, Ihssane Slimani},
  journal={Annals of Economics and Statistics/Annales d'{\'E}conomie et de Statistique},
  number={113/114},
  pages={225--256},
  year={2014},
  publisher={JSTOR}
}
@article{cabannes2014comment,
  title={Comment le revenu imposable des m{\'e}nages r{\'e}agit-il {\`a} sa taxation? Une estimation sur la p{\'e}riode 1997-2004},
  author={Cabannes, Pierre-Yves and Houdr{\'e}, C{\'e}dric and Landais, Camille},
  journal={Economie et Statistique},
  volume={467},
  number={1},
  pages={141--162},
  year={2014},
  publisher={Institut national de la statistique et des {\'e}tudes {\'e}conomiques}
}
@article{cesarini2017effect,
  title={The effect of wealth on individual and household labor supply: evidence from Swedish lotteries},
  author={Cesarini, David and Lindqvist, Erik and Notowidigdo, Matthew J and {\"O}stling, Robert},
  journal={American Economic Review},
  volume={107},
  number={12},
  pages={3917--46},
  year={2017}
}
@TECHREPORT{fremeaux2017assortative,
title = {Assortative Mating and Earnings Inequality in France},
author = {Fr{\'e}meaux, Nicolas and Lefranc, Arnaud},
year = {2017},
institution = {Institute for the Study of Labor (IZA)},
type = {IZA Discussion Papers},
number = {11084},
keywords = {assortative mating; inequality; earnings; labor supply; France},
url = {https://EconPapers.repec.org/RePEc:iza:izadps:dp11084}
}@article{green1984iteratively,
  title={Iteratively reweighted least squares for maximum likelihood estimation, and some robust and resistant alternatives},
  author={Green, Peter J},
  journal={Journal of the Royal Statistical Society. Series B (Methodological)},
  pages={149--192},
  year={1984},
  publisher={JSTOR}
}
@article{gruber2002elasticity,
  title={The elasticity of taxable income: evidence and implications},
  author={Gruber, Jon and Saez, Emmanuel},
  journal={Journal of public Economics},
  volume={84},
  number={1},
  pages={1--32},
  year={2002},
  publisher={Elsevier}
}

@article{gonalons2017trends,
  title={Trends in Economic Homogamy: Changes in Assortative Mating or the Division of Labor in Marriage?},
  author={Gonalons-Pons, Pilar and Schwartz, Christine R},
  journal={Demography},
  volume={54},
  number={3},
  pages={985--1005},
  year={2017},
  publisher={Springer}
}
@article{hausman1981taxesss,
  title={How taxes affect economic behavior},
  author={Hausman, Jerry A and Aaron, Henry J and Pechman, Joseph A},
  journal={Labor supply},
  volume={1},
  pages={213--263},
  year={1981}
}
@incollection{hausman81,
  author      = "Hausman, J.A.",
  title       = "Labor Supply",
  editor      = "Pechman, Joseph A and Aaron, Henry J",
  booktitle   = "How taxes affect economic behavior",
  pages       = "27-72",
  publisher   = "Brookings Institution",
  address     = "Washington DC",
  year        = 1981,
}
@article{heim2007incredible,
  title={The incredible shrinking elasticities married female labor supply, 1978--2002},
  author={Heim, Bradley T},
  journal={Journal of Human resources},
  volume={42},
  number={4},
  pages={881--918},
  year={2007},
  publisher={University of Wisconsin Press}
}
@article{Imbens_2001,
Author = {Imbens, Guido W. and Rubin, Donald B. and Sacerdote, Bruce I.},
Title = {Estimating the Effect of Unearned Income on Labor Earnings, Savings, and Consumption: Evidence from a Survey of Lottery Players},
Journal = {American Economic Review},
Volume = {91},
Number = {4},
Year = {2001},
Month = {September},
Pages = {778-794},
DOI = {10.1257/aer.91.4.778},
URL = {http://www.aeaweb.org/articles?id=10.1257/aer.91.4.778}}
@article{kalivskova2014labor,
  title={Labor supply consequences of family taxation: Evidence from the Czech Republic},
  author={Kal{\'\i}{\v{s}}kov{\'a}, Kl{\'a}ra},
  journal={Labour Economics},
  volume={30},
  pages={234--244},
  year={2014},
  publisher={Elsevier}
}
@article{kahneman1979prospect,
  title={Prospect theory: An analysis of decisions under risk},
  author={Kahneman, Daniel},
  journal={Econometrica},
  volume={47},
  pages={278},
  year={1979}
}
@article{keane2011labor,
  title={Labor supply and taxes: A survey},
  author={Keane, Michael P},
  journal={Journal of Economic Literature},
  volume={49},
  number={4},
  pages={961--1075},
  year={2011}
}
@article{killingsworth1986female,
  title={Female labor supply: A survey},
  author={Killingsworth, Mark R and Heckman, James J},
  journal={Handbook of labor economics},
  volume={1},
  pages={103--204},
  year={1986},
  publisher={Elsevier}
}
@article{kopczuk2005tax,
  title={Tax bases, tax rates and the elasticity of reported income},
  author={Kopczuk, Wojciech},
  journal={Journal of Public Economics},
  volume={89},
  number={11-12},
  pages={2093--2119},
  year={2005},
  publisher={Elsevier}
}
@techreport{kindermann2018inheritance,
  title={Inheritance taxation and wealth effects on the labor supply of heirs},
  author={Kindermann, Fabian and Mayr, Lukas and Sachs, Dominik},
  year={2018},
  institution={National Bureau of Economic Research}
}
@article{lehmann2013labor,
  title={Labor income responds differently to income-tax and payroll-tax reforms},
  author={Lehmann, Etienne and Marical, Fran{\c{c}}ois and Rioux, Laurence},
  journal={Journal of Public Economics},
  volume={99},
  pages={66--84},
  year={2013},
  publisher={Elsevier}
}
@article{lepinteur2016my,
  title={My Baby Takes the Morning Train: Gender Identity, Fairness, and Relative Labor Supply Within Households},
  author={Lepinteur, Anthony and Fleche, Sarah and Powdthavee, Nattavudh},
  year={2016}
}
@article{loffler2014structural,
  title={Structural labor supply models and wage exogeneity},
  author={L{\"o}ffler, Max and Peichl, Andreas and Siegloch, Sebastian},
  journal={ZEW-Centre for European Economic Research Discussion Paper},
  number={14-040},
  year={2014}
}
@article{mcclelland2012review,
  title={A review of recent research on labor supply elasticities},
  author={McClelland, Robert and Mok, Shannon},
  year={2012}
}
@techreport{messacar2017incidence,
  title={Incidence de la variation des taux d? imposition chez les travailleurs plus ages sur le revenu du travail au sein du menage},
  author={Messacar, Derek and others},
  year={2017},
  institution={Statistics Canada, Direction des etudes analytiques}
}
@article{perdrant2018,
  title={The effects of postponing the legal retirement age
on couples’ retirement decisions},
  author={Pedrant, Annaïg},
  journal={working paper IREGE},
  year={2018}
}


@article{qin2015credible,
  title={How Credible Are Shrinking Wage Elasticities of Married Women Labour Supply?},
  author={Qin, Duo and van Huellen, Sophie and Wang, Qing-Chao},
  journal={Econometrics},
  volume={4},
  number={1},
  pages={1},
  year={2015},
  publisher={Multidisciplinary Digital Publishing Institute}
}
@article{piketty1999hauts,
  title={Les hauts revenus face aux modifications des taux marginaux sup{\'e}rieurs de l'impot sur le revenu en France, 1970-1996},
  author={Piketty, Thomas},
  journal={{\'E}conomie \& pr{\'e}vision},
  volume={138},
  number={2},
  pages={25--60},
  year={1999},
  publisher={Minist{\`e}re de l'{\'E}conomie}
}
@article{saez2012elasticity,
  title={The elasticity of taxable income with respect to marginal tax rates: A critical review},
  author={Saez, Emmanuel and Slemrod, Joel and Giertz, Seth H},
  journal={Journal of economic literature},
  volume={50},
  number={1},
  pages={3--50},
  year={2012}
}
@article{selin2014rise,
  title={The rise in female employment and the role of tax incentives. An empirical analysis of the Swedish individual tax reform of 1971},
  author={Selin, H{\aa}kan},
  journal={International Tax and Public Finance},
  volume={21},
  number={5},
  pages={894--922},
  year={2014},
  publisher={Springer}
}
@article{weber2014toward,
  title={Toward obtaining a consistent estimate of the elasticity of taxable income using difference-in-differences},
  author={Weber, Caroline E},
  journal={Journal of Public Economics},
  volume={117},
  pages={90--103},
  year={2014},
  publisher={Elsevier}
}