

@misc{hamano2005git,
  title={Git-fast version control system},
  author={Hamano, Junio and Torvalds, Linus},
  year={2005}
}
@article{hunter2007matplotlib,
  title={Matplotlib: A 2D graphics environment},
  author={Hunter, John D},
  journal={Computing in science \& engineering},
  volume={9},
  number={3},
  pages={90},
  year={2007},
  publisher={IEEE Computer Society}
}

@inproceedings{kluyver2016jupyter,
  title={Jupyter Notebooks-a publishing format for reproducible computational workflows.},
  author={Kluyver, Thomas and Ragan-Kelley, Benjamin and P{\'e}rez, Fernando and Granger, Brian E and Bussonnier, Matthias and Frederic, Jonathan and Kelley, Kyle and Hamrick, Jessica B and Grout, Jason and Corlay, Sylvain and others},
  booktitle={ELPUB},
  pages={87--90},
  year={2016}
}
@book{lamport1994latex,
  title={LATEX: a document preparation system: user's guide and reference manual},
  author={Lamport, Leslie},
  year={1994},
  publisher={Addison-wesley}
}
@article{mckinney2011pandas,
  title={pandas: a foundational Python library for data analysis and statistics},
  author={McKinney, Wes},
  journal={Python for High Performance and Scientific Computing},
  volume={14},
  year={2011}
}
@techreport{Rossum1995,
 author = {Rossum, Guido},
 title = {Python Reference Manual},
 year = {1995},
 source = {http://www.ncstrl.org:8900/ncstrl/servlet/search?formname=detail\&id=oai%3Ancstrlh%3Aercim_cwi%3Aercim.cwi%2F%2FCS-R9525},
 publisher = {CWI (Centre for Mathematics and Computer Science)},
 address = {Amsterdam, The Netherlands, The Netherlands},
} 

@article{van2011numpy,
  title={The NumPy array: a structure for efficient numerical computation},
  author={Van Der Walt, Stefan and Colbert, S Chris and Varoquaux, Gael},
  journal={Computing in Science \& Engineering},
  volume={13},
  number={2},
  pages={22},
  year={2011},
  publisher={IEEE Computer Society}
}
@misc{openfisca,
title={OpenFisca},
howpublished={\url{https://github.com/openfisca}},
author={Ben Jelloul, Mahdi and Schaff, Clement},
journal={www.openfisca.fr},
year={2012}, 
}


@inproceedings{seabold2010statsmodels,
  title={Statsmodels: Econometric and statistical modeling with python},
  author={Seabold, Skipper and Perktold, Josef},
  booktitle={Proceedings of the 9th Python in Science Conference},
  volume={57},
  pages={61},
  year={2010},
  organization={Scipy}
}
